@MISC{WEBSITE:1,
    HOWPUBLISHED = "\url{https://www.chessprogramming.org}",
    AUTHOR = "Chessprogramming Wiki",
    TITLE = "Chessprogramming Wiki",
}

@MISC{WEBSITE:2,
    HOWPUBLISHED = "\url{https://www.officialgamerules.org/khet}",
    AUTHOR = "OfficialGameRules",
    TITLE = "Official Khet Rules"
}

@MISC{WEBSITE:3,
    HOWPUBLISHED = "\url{https://fangpenlin.com/posts/2012/08/26/good-logging-practice-in-python/}",
    AUTHOR = "Fang-Pen Lin",
    TITLE = "Good logging practice in Python",
}

@MISC{WEBSITE:4,
    HOWPUBLISHED = "\url{https://rustic-chess.org}",
    AUTHOR = "Marcel Vanthoor",
    TITLE = "Rustic Chess"
}