@BOOK{DUMMY:1,
AUTHOR="Joe Mama",
TITLE="The story of your creation",
PUBLISHER="Ben",
YEAR="2000",
}
@MISC{WEBSITE:1,
HOWPUBLISHED="\url{http://example.com}",
AUTHOR="James",
TITLE="JAMES' WEBSITE",
MONTH="3",
YEAR="2000",
NOTE="Accessed on 10-2-2025",
}